<record><leader>00000cas a22000007a 4500</leader><controlfield tag="001">19844772</controlfield><controlfield tag="008">890610d19301934njudr ne      0    0eng d</controlfield><datafield ind1=" " ind2=" " tag="010"><subfield code="a">sn 88071168 </subfield></datafield><datafield ind1=" " ind2=" " tag="040"><subfield code="a">NJW</subfield><subfield code="b">eng</subfield><subfield code="c">NJW</subfield><subfield code="d">OCLCQ</subfield></datafield><datafield ind1=" " ind2=" " tag="042"><subfield code="a">msc</subfield></datafield><datafield ind1="0" ind2="0" tag="245"><subfield code="a">North Jersey courier and the daily courier of the Oranges and Maplewood.</subfield></datafield><datafield ind1=" " ind2=" " tag="260"><subfield code="a">Orange, N.J. :</subfield><subfield code="b">North Jersey Pub. Co.,</subfield><subfield code="c">1930-1934.</subfield></datafield><datafield ind1=" " ind2=" " tag="310"><subfield code="a">Daily</subfield></datafield><datafield ind1="0" ind2=" " tag="362"><subfield code="a">Vol. 33, no. 194 (Aug. 18, 1930)-v. 37, no. 117 (May 18, 1934).</subfield></datafield><datafield ind1=" " ind2=" " tag="752"><subfield code="a">United States</subfield><subfield code="b">New Jersey</subfield><subfield code="c">Essex</subfield><subfield code="d">Orange.</subfield></datafield><datafield ind1=" " ind2=" " tag="752"><subfield code="a">United States</subfield><subfield code="b">New Jersey</subfield><subfield code="c">Essex</subfield><subfield code="d">Maplewood.</subfield></datafield><datafield ind1=" " ind2=" " tag="752"><subfield code="a">United States</subfield><subfield code="b">New Jersey</subfield><subfield code="c">Essex</subfield><subfield code="d">East Orange.</subfield></datafield><datafield ind1=" " ind2=" " tag="752"><subfield code="a">United States</subfield><subfield code="b">New Jersey</subfield><subfield code="c">Essex</subfield><subfield code="d">West Orange.</subfield></datafield><datafield ind1=" " ind2=" " tag="752"><subfield code="a">United States</subfield><subfield code="b">New Jersey</subfield><subfield code="c">Essex</subfield><subfield code="d">South Orange.</subfield></datafield><datafield ind1="0" ind2="0" tag="780"><subfield code="t">Daily courier of the Oranges and Maplewood (Orange, N.J. : 1926)</subfield><subfield code="w">(DLC)sn 88071167</subfield></datafield><datafield ind1="0" ind2="0" tag="785"><subfield code="t">Daily courier of the Oranges and Maplewood (Orange, N.J. : 1934)</subfield><subfield code="w">(DLC)sn 88071169</subfield></datafield></record>